@article{MAAC,
  author       = {Shariq Iqbal and
                  Fei Sha},
  title        = {Actor-Attention-Critic for Multi-Agent Reinforcement Learning},
  journal      = {CoRR},
  volume       = {abs/1810.02912},
  year         = {2018},
  url          = {http://arxiv.org/abs/1810.02912},
  eprinttype    = {arXiv},
  eprint       = {1810.02912},
  timestamp    = {Tue, 30 Oct 2018 10:49:09 +0100},
  biburl       = {https://dblp.org/rec/journals/corr/abs-1810-02912.bib},
  bibsource    = {dblp computer science bibliography, https://dblp.org}
}